@article{shi2016three,
  title={Three-Month Real-Time Dengue Forecast Models: An Early Warning System for Outbreak Alerts and Policy Decision Support in Singapore},
  author={Shi, Yuan and Liu, Xu and Kok, Suet-Yheng and Rajarethinam, Jayanthi and Liang, Shaohong and Yap, Grace and Chong, Chee-Seng and Lee, Kim-Sung and Tan, Sharon SY and Chin, Christopher Kuan Yew and others},
  journal={Environmental Health Perspectives},
  volume={124},
  number={9},
  pages={1369},
  year={2016}
}

@inproceedings{basharat2009time,
  title={Time series prediction by chaotic modeling of nonlinear dynamical systems},
  author={Basharat, Arslan and Shah, Mubarak},
  booktitle={Computer Vision, 2009 IEEE 12th International Conference on},
  pages={1941--1948},
  year={2009},
  organization={IEEE}
}

@article{hii2012forecast,
  title={Forecast of dengue incidence using temperature and rainfall},
  author={Hii, Yien Ling and Zhu, Huaiping and Ng, Nawi and Ng, Lee Ching and Rockl{\"o}v, Joacim},
  journal={PLoS neglected tropical diseases},
  volume={6},
  number={11},
  pages={e1908},
  year={2012},
  publisher={Public Library of Science}
}

@article{gharbi2011time,
  title={Time series analysis of dengue incidence in Guadeloupe, French West Indies: forecasting models using climate variables as predictors},
  author={Gharbi, Myriam and Quenel, Philippe and Gustave, Jo{\"e}l and Cassadou, Sylvie and La Ruche, Guy and Girdary, Laurent and Marrama, Laurence},
  journal={BMC infectious diseases},
  volume={11},
  number={1},
  pages={166},
  year={2011},
  publisher={BioMed Central}
}

@article{hall2007real,
  title={Real-time epidemic forecasting for pandemic influenza},
  author={Hall, IM and Gani, R and Hughes, HE and Leach, S},
  journal={Epidemiology \& Infection},
  volume={135},
  number={3},
  pages={372--385},
  year={2007},
  publisher={Cambridge University Press}
}

@incollection{myers2000forecasting,
  title={Forecasting disease risk for increased epidemic preparedness in public health},
  author={Myers, Monica F and Rogers, DJ and Cox, J and Flahault, Antoine and Hay, SI},
  booktitle={Advances in Parasitology},
  volume={47},
  pages={309--330},
  year={2000},
  publisher={Elsevier}
}

@article{descloux2012climate,
  title={Climate-based models for understanding and forecasting dengue epidemics},
  author={Descloux, Elodie and Mangeas, Morgan and Menkes, Christophe Eug{\`e}ne and Lengaigne, Matthieu and Leroy, Anne and Tehei, Temaui and Guillaumot, Laurent and Teurlai, Magali and Gourinat, Ann-Claire and Benzler, Justus and others},
  journal={PLoS neglected tropical diseases},
  volume={6},
  number={2},
  pages={e1470},
  year={2012},
  publisher={Public Library of Science}
}


@article{zhang2014applications,
  title={Applications and comparisons of four time series models in epidemiological surveillance data},
  author={Zhang, Xingyu and Zhang, Tao and Young, Alistair A and Li, Xiaosong},
  journal={PLoS One},
  volume={9},
  number={2},
  pages={e88075},
  year={2014},
  publisher={Public Library of Science}
}

@article{codeco2016infodengue,
  title={InfoDengue: a nowcasting system for the surveillance of Dengue fever transmission},
  author={Codeco, Claudia and Cruz, Oswaldo and Riback, Thais I and Degener, Carolin M and Gomes, Marcelo F and Villela, Daniel and Bastos, Leonardo and Camargo, Sabrina and Saraceni, Valeria and Lemos, Maria Cristina F and others},
  journal={BioRxiv},
  pages={046193},
  year={2016},
  publisher={Cold Spring Harbor Laboratory}
}
